@article{o2011market,
  title={Is market fragmentation harming market quality?},
  author={O'Hara, Maureen and Ye, Mao},
  journal={Journal of Financial Economics},
  volume={100},
  number={3},
  pages={459--474},
  year={2011},
  publisher={Elsevier}
}
@article{comerton2019inverted,
  title={Inverted fee structures, tick size, and market quality},
  author={Comerton-Forde, Carole and Gr{\'e}goire, Vincent and Zhong, Zhuo},
  journal={Journal of Financial Economics},
  volume={134},
  number={1},
  pages={141--164},
  year={2019},
  publisher={Elsevier}
}
@article{lo1988stock,
  title={Stock market prices do not follow random walks: Evidence from a simple specification test},
  author={Lo, Andrew W and MacKinlay, A Craig},
  journal={The Review of Financial Studies},
  volume={1},
  number={1},
  pages={41--66},
  year={1988},
  publisher={Oxford University Press}
}
@article{gregoire2020earnings,
  title={How Is Earnings News Transmitted to Stock Prices?},
  author={Gregoire, Vincent and Martineau, Charles},
  journal={Available at SSRN},
  year={2021}
}
@article{goyenko2009liquidity,
  title={Do liquidity measures measure liquidity?},
  author={Goyenko, Ruslan Y and Holden, Craig W and Trzcinka, Charles A},
  journal={Journal of Financial Economics},
  volume={92},
  number={2},
  pages={153--181},
  year={2009},
  publisher={Elsevier}
}
